<record><leader>00000cas a22000007a 4500</leader><controlfield tag="001">19531654</controlfield><controlfield tag="008">890411d19641964ndudr ne      0    0eng d</controlfield><datafield ind1=" " ind2=" " tag="010"><subfield code="a">sn 88076276 </subfield></datafield><datafield ind1=" " ind2=" " tag="040"><subfield code="a">NOP</subfield><subfield code="b">eng</subfield><subfield code="c">NOP</subfield><subfield code="d">OCLCQ</subfield></datafield><datafield ind1=" " ind2=" " tag="042"><subfield code="a">msc</subfield></datafield><datafield ind1="0" ind2="4" tag="245"><subfield code="a">The Williston herald and Williams County farmers press.</subfield></datafield><datafield ind1=" " ind2=" " tag="260"><subfield code="a">Williston, N.D. :</subfield><subfield code="b">Walter M. Wick</subfield></datafield><datafield ind1=" " ind2=" " tag="300"><subfield code="a">1 v. :</subfield><subfield code="b">ill. ;</subfield><subfield code="c">60 cm.</subfield></datafield><datafield ind1=" " ind2=" " tag="310"><subfield code="a">Daily</subfield></datafield><datafield ind1="0" ind2=" " tag="362"><subfield code="a">Vol. 65, no. 228 (May 27, 1964)-v. 65, no. 252 (June 25, 1964).</subfield></datafield><datafield ind1=" " ind2=" " tag="530"><subfield code="a">Available on microfilm from the State Historical Society of North Dakota.</subfield></datafield><datafield ind1=" " ind2=" " tag="752"><subfield code="a">United States</subfield><subfield code="b">North Dakota</subfield><subfield code="c">Williams</subfield><subfield code="d">Williston.</subfield></datafield><datafield ind1="0" ind2="0" tag="780"><subfield code="t">Williston herald and farmers press</subfield><subfield code="w">(DLC)sn 88076275</subfield></datafield><datafield ind1="0" ind2="0" tag="785"><subfield code="t">Williston herald (Williston, N.D. : Daily : 1964)</subfield><subfield code="w">(DLC)sn 88076277</subfield></datafield></record>